@inproceedings{ref1,
 author = {Suchanek, Fabian M. and Kasneci, Gjergji and Weikum, Gerhard},
 title = {Yago: A Core of Semantic Knowledge},
 booktitle = {Proceedings of the 16th International Conference on World Wide Web},
 series = {WWW '07},
 year = {2007},
 isbn = {978-1-59593-654-7},
 location = {Banff, Alberta, Canada},
 pages = {697--706},
 numpages = {10},
 url = {http://doi.acm.org/10.1145/1242572.1242667},
 doi = {10.1145/1242572.1242667},
 acmid = {1242667},
 publisher = {ACM},
 address = {New York, NY, USA},
 keywords = {WordNet, wikipedia},
}

@book{ref2,
 author = {Manning, Christopher D. and Raghavan, Prabhakar and Sch\"{u}tze, Hinrich},
 title = {Introduction to Information Retrieval},
 year = {2008},
 isbn = {0521865719, 9780521865715},
 publisher = {Cambridge University Press},
 address = {New York, NY, USA},
} 
